@article{TDAP2018,
author          = {Lian, Chao and Guan, Mengxue and Hu, Shiqi and Zhang, Jin and Meng, Sheng},
doi             = {10.1002/adts.201870018},
issn            = {25130390},
journal         = {Adv. Theory Simulations},
mendeley-groups = {Zhaojin_NSFC_2023},
month           = {aug},
number          = {8},
pages           = {1870018},
title           = {{Photoexcitation in Solids: First-Principles Quantum Simulations by Real-Time TDDFT}},
volume          = {1},
year            = {2018}
}
@article{TDAP2008,
author          = {Meng, Sheng and Kaxiras, Efthimios},
doi             = {10.1063/1.2960628},
isbn            = {1089-7690 (Electronic) 0021-9606 (Linking)},
issn            = {0021-9606},
journal         = {J. Chem. Phys.},
mendeley-groups = {MengSheng,Zhaojin_NSFC_2023},
month           = {aug},
number          = {5},
pages           = {054110},
pmid            = {18698891},
title           = {{Real-time, Local Basis-set Implementation of Time-dependent Density Functional Theory for Excited State Dynamics Simulations}},
volume          = {129},
year            = {2008}
}

@article{Octopus2020,
archivePrefix   = {arXiv},
author          = {Tancogne-Dejean, Nicolas and Oliveira, Micael J. T. and Andrade, Xavier and Appel, Heiko and Borca, Carlos H. and {Le Breton}, Guillaume and Buchholz, Florian and Castro, Alberto and Corni, Stefano and Correa, Alfredo A. and {De Giovannini}, Umberto and Delgado, Alain and Eich, Florian G. and Flick, Johannes and Gil, Gabriel and Gomez, Adri{\'{a}}n and Helbig, Nicole and H{\"{u}}bener, Hannes and Jest{\"{a}}dt, Ren{\'{e}} and Jornet-Somoza, Joaquim and Larsen, Ask H. and Lebedeva, Irina V. and L{\"{u}}ders, Martin and Marques, Miguel A. L. and Ohlmann, Sebastian T. and Pipolo, Silvio and Rampp, Markus and Rozzi, Carlo A. and Strubbe, David A. and Sato, Shunsuke A. and Sch{\"{a}}fer, Christian and Theophilou, Iris and Welden, Alicia and Rubio, Angel},
doi             = {10.1063/1.5142502},
issn            = {0021-9606},
journal         = {J. Chem. Phys.},
mendeley-groups = {Zhaojin_NSFC_2023},
month           = {mar},
number          = {12},
pages           = {124119},
publisher       = {AIP Publishing, LLC},
title           = {{Octopus, A Computational Framework for Exploring Light-driven Phenomena and Quantum Dynamics in Extended and Finite Systems}},
volume          = {152},
year            = {2020}
}


@article{pwmat2013,
author          = {Jia, Weile and Cao, Zongyan and Wang, Long and Fu, Jiyun and Chi, Xuebin and Gao, Weiguo and Wang, Lin-Wang},
doi             = {10.1016/j.cpc.2012.08.002},
issn            = {00104655},
journal         = {Comput. Phys. Commun.},
mendeley-groups = {Zhaojin_NSFC_2023},
month           = {jan},
number          = {1},
pages           = {9--18},
title           = {{The Analysis of a Plane Wave Pseudopotential Density Functional Theory Code on a GPU Machine}},
volume          = {184},
year            = {2013}
}
@article{pwmat2013a,
author          = {Jia, Weile and Fu, Jiyun and Cao, Zongyan and Wang, Long and Chi, Xuebin and Gao, Weiguo and Wang, Lin-Wang},
doi             = {10.1016/j.jcp.2013.05.005},
issn            = {00219991},
journal         = {J. Comput. Phys.},
mendeley-groups = {Zhaojin_NSFC_2023},
month           = {oct},
pages           = {102--115},
title           = {{Fast Plane Wave Density Functional Theory Molecular Dynamics Calculations on Multi-GPU Machines}},
volume          = {251},
year            = {2013}
}

@article{Pyxaid2013,
author          = {Akimov, Alexey V. and Prezhdo, Oleg V.},
doi             = {10.1021/ct400641n},
issn            = {1549-9618},
journal         = {J. Chem. Theory Comput.},
mendeley-groups = {NAMD_TDDFT/OLEG_NAMD},
month           = {nov},
number          = {11},
pages           = {4959--4972},
publisher       = {American Chemical Society},
title           = {{The PYXAID Program for Non-Adiabatic Molecular Dynamics in Condensed Matter Systems}},
volume          = {9},
year            = {2013}
}

@article{HefeiNamd2019,
author          = {Zheng, Qijing and Chu, Weibin and Zhao, Chuanyu and Zhang, Lili and Guo, Hongli and Wang, Yanan and Jiang, Xiang and Zhao, Jin},
doi             = {10.1002/wcms.1411},
issn            = {1759-0876},
journal         = {WIREs Comput. Mol. Sci.},
mendeley-groups = {Zhaojin_NSFC_2023},
month           = {nov},
number          = {6},
pages           = {e1411},
title           = {{\textit{Ab Initio} Nonadiabatic Molecular Dynamics Investigations on the Excited Carriers in Condensed Matter Systems}},
volume          = {9},
year            = {2019}
}

@article{Zhang2011,
author          = {Zhang, Xu and Li, Zi and Lu, Gang},
doi             = {10.1103/PhysRevB.84.235208},
issn            = {1098-0121},
journal         = {Phys. Rev. B},
mendeley-groups = {Zhaojin_NSFC_2023},
month           = {dec},
number          = {23},
pages           = {235208},
title           = {{First-principles simulations of exciton diffusion in organic semiconductors}},
volume          = {84},
year            = {2011}
}

@article{Jiang2021,
author          = {Jiang, Xiang and Zheng, Qijing and Lan, Zhenggang and Saidi, Wissam A. and Ren, Xinguo and Zhao, Jin},
doi             = {10.1126/sciadv.abf3759},
issn            = {2375-2548},
journal         = {Sci. Adv.},
mendeley-groups = {Zhaojin_NSFC_2023},
month           = {mar},
number          = {10},
pages           = {eabf3759},
title           = {{Real-time GW-BSE Investigations on Spin-valley Exciton Dynamics in Monolayer Transition Metal Dichalcogenide}},
volume          = {7},
year            = {2021}
}


@article{ZhengSoc2022,
author          = {Zheng, Zhenfa and Zheng, Qijing and Zhao, Jin},
doi             = {10.1103/PhysRevB.105.085142},
issn            = {2469-9950},
journal         = {Phys. Rev. B},
mendeley-groups = {Zhaojin_NSFC_2023},
month           = {feb},
number          = {8},
pages           = {085142},
title           = {{Spin-orbit Coupling Induced Demagnetization in Ni: Ab Initio Nonadiabatic Molecular Dynamics Perspective}},
volume          = {105},
year            = {2022}
}

@article{ZhangNanoLett2018,
author          = {Zhang, Lili and Zheng, Qijing and Xie, Yu and Lan, Zhenggang and Prezhdo, Oleg V. and Saidi, Wissam A. and Zhao, Jin},
doi             = {10.1021/acs.nanolett.7b03933},
issn            = {1530-6984},
journal         = {Nano Lett.},
mendeley-groups = {Zhaojin_NSFC_2023},
month           = {mar},
number          = {3},
pages           = {1592--1599},
title           = {{Delocalized Impurity Phonon Induced Electron–Hole Recombination in Doped Semiconductors}},
volume          = {18},
year            = {2018}
}


@article{EPW2016,
author          = {Ponc{\'{e}}, S. and Margine, E.R. and Verdi, C. and Giustino, F.},
doi             = {10.1016/j.cpc.2016.07.028},
issn            = {00104655},
journal         = {Comput. Phys. Commun.},
mendeley-groups = {Zhaojin_NSFC_2023},
month           = {dec},
pages           = {116--133},
title           = {{EPW: Electron–phonon Coupling, Transport and Superconducting Properties Using Maximally Localized Wannier Functions}},
volume          = {209},
year            = {2016}
}

@article{Perturbo2021,
author          = {Zhou, Jin-Jian and Park, Jinsoo and Lu, I-Te and Maliyov, Ivan and Tong, Xiao and Bernardi, Marco},
doi             = {10.1016/j.cpc.2021.107970},
issn            = {00104655},
journal         = {Comput. Phys. Commun.},
keywords        = {Charge transport,Electron–phonon interactions,Ultrafast dynamics,Wannier functions},
mendeley-groups = {Zhaojin_NSFC_2023},
month           = {jul},
pages           = {107970},
title           = {{Perturbo: A Software Package for Ab Initio Electron–phonon Interactions, Charge Transport and Ultrafast Dynamics}},
volume          = {264},
year            = {2021}
}


@article{BerkeleyGW2012,
author          = {Deslippe, Jack and Samsonidze, Georgy and Strubbe, David A. and Jain, Manish and Cohen, Marvin L. and Louie, Steven G.},
doi             = {10.1016/j.cpc.2011.12.006},
issn            = 00104655,
journal         = {Comput. Phys. Commun.},
mendeley-groups = {Zhaojin_NSFC_2023},
month           = {jun},
number          = 6,
pages           = {1269--1289},
title           = {{BerkeleyGW: A Massively Parallel Computer Package for the Calculation of the Quasiparticle and Optical Properties of Materials and Nanostructures}},
volume          = 183,
year            = 2012
}

@article{Zheng2017,
author          = {Zheng, Qijing and Saidi, Wissam A. and Xie, Yu and Lan, Zhenggang and Prezhdo, Oleg V. and Petek, Hrvoje and Zhao, Jin},
doi             = {10.1021/acs.nanolett.7b03429},
issn            = {1530-6984},
journal         = {Nano Lett.},
mendeley-groups = {Zhaojin_NSFC_2023},
month           = {oct},
number          = {10},
pages           = {6435--6442},
title           = {{Phonon-Assisted Ultrafast Charge Transfer at van der Waals Heterostructure Interface}},
volume          = {17},
year            = {2017}
}

@article{Tully1998,
author          = {Tully, John C.},
doi             = {10.1039/a801824c},
issn            = {13596640},
journal         = {Faraday Discuss.},
mendeley-groups = {Zhaojin_NSFC_2023},
pages           = {407--419},
title           = {{Mixed Quantum–classical Dynamics}},
volume          = {110},
year            = {1998}
}
